@misc{report:FindAndCall,
      author = "Maslennikov, D.",
      title = "Find and {C}all: {L}eak and {S}pam",
      month = "July",
      year = "2012",
      howpublished = "\url{https://www.securelist.com/en/blog/208193641/Find_and_Call_Leak_and_Spam}"
}

@misc{web:DalvikJit,
      author = "Bornstein, D.",
      title = "Dalvik {J}{I}{T}",
      month = "May",
      year = "2010",
      howpublished = "\url{http://android-developers.blogspot.com/2010/05/dalvik-jit.html}"
}

@BOOK{Lamport86,
TITLE = "{LaTeX} --- a document preparation system --- user's guide
and reference manual",
AUTHOR = "Lamport, L.",
PUBLISHER = "Addison-Wesley",
YEAR = "1986"}

@REPORT{Moore95,
TITLE = "How to prepare a dissertation in LaTeX",
AUTHOR = "Moore, S.W.",
YEAR = "1995"}
